<?xml version="1.0" encoding="UTF-8"?><collection xmlns="http://www.loc.gov/MARC21/slim"><record><leader>00399nam--2200133-i-4500</leader><controlfield tag="001">000044720</controlfield><controlfield tag="002">20161230</controlfield><controlfield tag="005">20161230201044</controlfield><controlfield tag="008">060222s1000------------r-----000-0-eng-d</controlfield><datafield ind1=" " ind2=" " tag="080"><subfield code="a">615/.616</subfield></datafield><datafield ind1=" " ind2=" " tag="100"><subfield code="a">Timar, Magdalena</subfield></datafield><datafield ind1=" " ind2=" " tag="245"><subfield code="a">Bazele terapiei rationale a ficatului</subfield></datafield><datafield ind1=" " ind2=" " tag="260"><subfield code="a">Bucuresti, Centrala Industriala De Medicamente, Cosmetice, Coloranti Si Lacuri, 1982, 237p.+46 Foto</subfield></datafield><datafield ind1=" " ind2=" " tag="852"><subfield code="a">71417</subfield></datafield></record></collection>